@Book{efron-jackknife-1982,
  title     = {The Jackknife, the Bootstrap, and Other Resampling Plans},
  author    = {Efron, B.},
  year      = {1982},
  publisher = {Society for Industrial and Applied Mathematics}
}

@Book{mcculloch_generalized_2008,  
  author = {McCulloch, C. E. and Searle, S. R. and Neuhaus, J. M.},  
  title = {Generalized, Linear, and Mixed Models},
  publisher = {Wiley},  
  year = {2008},  
}

@Book{casella-statistical-2002,
  title     = {Statistical inference},
  author    = {Casella, G. and Berger, R.L.},
  series    = {Duxbury advanced series in statistics and decision sciences},
  year      = {2002},
  publisher = {Thomson Learning}
}

@Book{hinkley-bootstrap-1997,
  author    = {Davison, A. C. and Hinkley, D. V.},
  title     = {Bootstrap Methods and their Applications},
  publisher = {Cambridge University Press},
  series    = {Cambridge Series in Statistical and Probabilistic Mathematics},
  year      = {1997},
  address   = {Cambridge},
}

@Book{boos-essential-2013,
  title={Essential Statistical Inference: Theory and Methods},
  author={Boos, D.D. and Stefanski, L.A.},
  series={Springer Texts in Statistics},
  year={2013},
  publisher={Springer London, Limited}
}

@Book{pinheiro-mixed-2000,
  title     = {Mixed-Effects Models in S and S-PLUS},
  author    = {Pinheiro, J.C. and Bates, D.M.},
  series    = {Statistics and Computing},
  year      = {2000},
  publisher = {Springer}
}

@Book{demidenko_mixed_2013,
  author = {Demidenko, E.},
  title = {Mixed Models: Theory and Applications with R},
  publisher = {Wiley},
  year = {2013},
}

@Book{davidian-nonlinear-1995,
  title     = {Nonlinear Models for Repeated Measurement Data},
  author    = {Davidian, M. and Giltinan, D.M.},
  series    = {Chapman \& Hall/CRC Monographs on Statistics \& Applied Probability},
  year      = {1995},
  publisher = {Taylor \& Francis},
}

@Book{graybill-regression-1994,
  title     = {Regression Analysis: Concepts and Applications},
  author    = {Graybill, F.A. and Iyer, H.K.},
  series    = {An Alexander Kugushev book},
  url       = {http://www.stat.colostate.edu/regression_book/},
  year      = {1994},
  publisher = {Duxbury Press}
}

@Book{fox-car-2011,
  title = {An {R} Companion to Applied Regression},
  edition = {Second},
  author = {John Fox and Sanford Weisberg},
  year = {2011},
  publisher = {Sage},
  address = {Thousand Oaks {CA}},
  url = {http://socserv.socsci.mcmaster.ca/jfox/Books/Companion},
}

@Book{brown-measurement-1993,
  title     = {Measurement, Regression, and Calibration},
  author    = {Brown, P.J.},
  series    = {Oxford science publications},
  year      = {1993},
  publisher = {Clarendon Press},
}

@Book{huet-statistical-2004,
  title    = {Statistical Tools for Nonlinear Regression: A Practical Guide with S-PLUS and R Examples},
  author   = {Huet, S.},
  series   = {Springer Series in Statistics},
  year     = {2004},
  publisher= {Springer},
}

@Book{graybill-theory-1976,
  author    = {Graybill, F. A.},
  title     = {Theory and Application of the Linear Model},
  publisher = {Duxbury},
  series    = {Duxbury classic series},
  year      = {1976},
  address   = {Pacific Grove, CA},
}

@Book{seber-nonlinear-2003,
 title     = {Nonlinear Regression},
 author    = {Seber, G.A.F. and Wild, C.J.},
 series    = {Wiley Series in Probability and Statistics},
 year      = {2003},
 publisher = {Wiley},
}

@Article{efron-better-1987,
  journal = {Journal of the American Statistical Association},
  author  = {Efron, B.},
  number  = {397},
  pages   = {171--185},
  title   = {Better Bootstrap Confidence Intervals},
  volume  = {82},
  year    = {1987},
}


@Article{hall-bootstrap-1986,
  journal = {The Annals of Statistics},
  author  = {Hall, Peter},
  number  = {4},
  pages   = {1431--1452},
  title   = {On the Bootstrap and Confidence Intervals},
  volume  = {14},
  year    = {1986},
}


@Article {bellio-likelihood-2003,
  author  = {Bellio, Ruggero},
  title   = {Likelihood Methods for Controlled Calibration},
  journal = {Scandinavian Journal of Statistics},
  volume  = {30},
  number  = {2},
  pages   = {339--353},
  year    = {2003},
}

@Article{hoadley-bayesian-1970,
  author  = {Hoadley, Bruce},
  title   = {A Bayesian Look at Inverse Linear Regression},
  journal = {Journal of the American Statistical Association},
  volume  = {65},
  number  = {329},
  pages   = {356-369},
  year    = {1970},
}

@Article{laird-random-1982,
  author  = {Nan M. Laird and James H. Ware},
  title   = {Random-Effects Models for Longitudinal Data},
  journal = {Biometrics},
  volume  = {38},
  number  = {4},
  pages   = {963--974},
  year    = {1982},
}

@Article{osborne-statistical-1991,
  author  = {Osborne, C.},
  title   = {Calibration: A Review},
  journal = {International Statistical Review},
  volume  = {59},
  number  = {3},
  pages   = {309--336},
  year    = {1991},
}

@Article{oman-calibration-1998,
  author  = {Oman, Samuel D.}, 
  title   = {Calibration with Random Slopes},
  volume  = {85}, 
  number  = {2}, 
  pages   = {439-449}, 
  year    = {1998}, 
  journal = {Biometrika} 
}

@Article{concordet-calibration-2000,
  author  = {Concordet, Didier and Nunez, Olivier G.},
  title   = {Calibration for Nonlinear Mixed Effects Models: An Application to the Withdrawal Time Prediction},
  journal = {Biometrics},
  volume  = {56},
  number  = {4},
  pages   = {1040--1046},
  year    = {2000},
}

@Article{jones-bootstrapping-1999,
  author  = {Jones, Geoffrey and Rocke, David M.},
  title   = {Bootstrapping in Controlled Calibration Experiments},
  journal = {Technometrics},
  volume  = {41},
  number  = {3},
  pages   = {224-233},
  year    = {1999},
}

@article{efron-bootstrap-1979,
  author  = {Efron, B.},
  title   = {Bootstrap Methods: Another Look at the Jackknife},
  journal = {The Annals of Statistics},
  volume  = {7},
  number  = {1},
  pages   = {1-26},
  year    = {1979},
}

@Article{morris-blups-2002,
  author  = {Morris, Jeffrey S.},
  title   = {{The BLUPs are not \&quot;best\&quot; when it comes to bootstrapping}},
  journal = {Statistics \& Probability Letters},
  year    = 2002,
  volume  = {56},
  number  = {4},
  pages   = {425-430},
}

@Article{hamada-bayesian-2003,
  author  = {Hamada, M. and Pohl, A. and Spiegelman, C. and Wendelberger, J.},
  title   = {A Bayesian Approach to Calibration Intervals and Properly Calibrated Tolerance Intervals},
  journal = {Journal of Quality Technology},
  year    = {2003},
  volume  = {35},
  number  = {2},
  pages   = {194-205},
}

@Article{greenwell-investr-2014,
  author  = {Greenwell, Brandon M. and Kabban, Christine M. Schubert},
  title   = {investr: An R Package for Inverse Estimation},
  journal = {The R Journal},
  year    = {2014},
  volume  = {6},
  number  = {1},
  pages   = {??-??},
}

@Article{wickham-plyr-2011,
  title   = {The Split-Apply-Combine Strategy for Data Analysis},
  author  = {Hadley Wickham},
  journal = {Journal of Statistical Software},
  year    = {2011},
  volume  = {40},
  number  = {1},
  pages   = {1--29},
  note    = {R package version 1.8.1},
  url     = {http://www.jstatsoft.org/v40/i01/},
}

@Manual{bates-lme4-2014,
  title  = {lme4: Linear mixed-effects models using Eigen and S4},
  author = {Douglas Bates and Martin Maechler and Ben Bolker and Steven Walker},
  year   = {2014},
  note   = {R package version 1.1-6},
  url    = {http://CRAN.R-project.org/package=lme4},
}

@Manual{investr-package,
  title  = {investr: Functions for Inverse Estimation with Linear and Nonlinear Regression Models in R.},
  author = {Brandon M. Greenwell},
  year   = {2013},
  note   = {R package version 1.1.0},
  url    = {http://CRAN.R-project.org/package=investr},
 }
 
@Manual{plummer-rjags-2014,
  title  = {rjags: Bayesian graphical models using MCMC},
  author = {Martyn Plummer},
  year   = {2014},
  note   = {R package version 3-13},
  url    = {http://CRAN.R-project.org/package=rjags},
}

@Manual{pinheiro-nlme-2013,
  title = {nlme: Linear and Nonlinear Mixed Effects Models},
  author = {Jose Pinheiro and Douglas Bates and Saikat DebRoy and Deepayan Sarkar and {R Core Team}},
  year = {2013},
  note = {R package version 3.1-110},
}

@Manual{hadley-devtools-2013,
  title  = {devtools: Tools to make developing R code easier},
  author = {Hadley Wickham and Winston Chang},
  year   = {2013},
  note   = {R package version 1.4.1},
  url    = {http://cran.r-project.org/package=devtools},
}

@Manual{canty-boot-2013,
  title  = {boot: Bootstrap R (S-Plus) Functions},
  author = {Angelo Canty and Brian Ripley},
  year   = {2013},
  note   = {R package version 1.3-9},
  url    = {http://cran.r-project.org/web/packages/boot/index.html},
}

@inproceedings{plummer-jags-2003,
    author = {Plummer, Martyn},
    booktitle = {Proceedings of the 3rd International Workshop on Distributed Statistical Computing},
    citeulike-article-id = {10263507},
    keywords = {jags, software, statistics},
    location = {Vienna, Austria},
    posted-at = {2012-01-25 04:38:13},
    priority = {0},
    title = {{JAGS}: A program for analysis of {Bayesian} graphical models using {Gibbs} sampling},
    year = {2003}
}
