@Book{graybill_theory_1976,
  author = {Franklin A. Graybill},
  title = {Theory and Application of the Linear Model},
  publisher = {Duxbury},
	year = {1976},
}

@Book{davison_bootstrap_1997,
  author    = {Davison, A. C. and Hinkley, D. V.},
  title     = {Bootstrap Methods and their Application},
  publisher = {Cambridge University Press},
  year      = {1997}, 
}

@Book{davidian_nonlinear_1995,
  title = {Nonlinear Models for Repeated Measurement Data},
  author = {Davidian, M. and Giltinan, D.M.},
  year = {1995},
  publisher = {Taylor \& Francis}
}

@Book{fox_r_2011,
  author = {John Fox and Sanford Weisberg},
  title = {An {R} Companion to Applied Regression},
  publisher = {Sage},
  edition = {Second},
  year = {2011},
  url = {http://socserv.socsci.mcmaster.ca/jfox/Books/Companion},
}

@Book{mcculloch_generalized_2008,  
  author = {McCulloch, C. E. and Searle, S. R. and Neuhaus, J. M.},  
  title = {Generalized, Linear, and Mixed Models},
  publisher = {Wiley},  
  year = {2008},  
}

@Book{brown_measurement_1993,
  author = {Brown, Philip},
  title = {Measurement, Regression, and Calibration},
  publisher = {Clarendon Press Oxford University Press},
  year = {1993},
}

@Article{efron_bootstrap_2011,  
  author = {Efron, Bradley},  
  title = {The Bootstrap and Markov-Chain Monte Carlo},  
  journal = {Journal of Biopharmaceutical Statistics},  
  volume = {21},  
  number = {6},  
  pages = {1052-1062},  
  year = {2011},
}

@Article{jones_bootstrapping_1999,
  author = {Jones, Geoffrey and Rocke, David M.},
  title = {Bootstrapping in Controlled Calibration Experiments},
  journal = {Technometrics},
  volume = {41},
  number = {3},
  pages = {224--233},
  year = {1999},
}

@Article{morris_blups_2002,
  author = {Morris, Jeffrey S.},
  title = {The BLUPs are not "Best" when it comes to Bootstrapping},
  journal = {Statistics \& Probability Letters},
  volume = {56},
  number = {4},
  year = {2002},
  pages = {425--430},
}

@Article{oman_calibration_1998,
  author = {Oman, Samuel D.},
  title = {Calibration with Random Slopes},
  journal = {Biometrika},
  volume = {85},
  number = {2},
  year = {1998},
  pages = {439--449},
}

@Article{concordet_calibration_2000,
  author = {Didier Concordet and Olivier G. Nunez},
  title = {Calibration for Nonlinear Mixed Effects Models: An Application to the Withdrawal Time Prediction},
  journal = {Biometrics},
  volume = {56},
  number = {4},
  year = {2000},
  pages = {1040--1046},
}

@Article{jiang_distribution_2002,
  author = {Jiang, J. and Zhang, W.},
  title = {Distribution-Free Prediction Intervals in Mixed Linear Models},
  journal = {Statistica Sinica},
  volume = {12},
  year = {2002},
  pages = {537--553},
}

@Article{wickham_plyr_2011,
  title   = {The Split-Apply-Combine Strategy for Data Analysis},
  author  = {Hadley Wickham},
  journal = {Journal of Statistical Software},
  year    = {2011},
  volume  = {40},
  number  = {1},
  pages   = {1--29},
  note    = {R package version 1.8.1},
  url     = {http://www.jstatsoft.org/v40/i01/},
}

@Manual{pinheiro_nlme_2013,
  title  = {nlme: Linear and Nonlinear Mixed Effects Models},
  author = {Jose Pinheiro and Douglas Bates and Saikat DebRoy and Deepayan Sarkar and {R Core Team}},
  year   = {2013},
  note   = {R package version 3.1-110},
  url    = {http://CRAN.R-project.org/package=nlme},
}

@Manual{bates_lme4_2014,
  title  = {lme4: Linear mixed-effects models using Eigen and S4},
  author = {Douglas Bates and Martin Maechler and Ben Bolker and Steven Walker},
  year   = {2014},
  note   = {R package version 1.1-5},
  url    = {http://CRAN.R-project.org/package=lme4},
}

@Manual{canty_boot_2013,
  title  = {boot: Bootstrap R (S-Plus) Functions},
  author = {Angelo Canty and Brian Ripley},
  year   = {2013},
  note   = {R package version 1.3-9},
  url    = {http://CRAN.R-project.org/package=boot},
}

@Manual{Rlang,
  title        = {R: A Language and Environment for Statistical Computing},
  author       = {{R Core Team}},
  organization = {R Foundation for Statistical Computing},
  address      = {Vienna, Austria},
  year         = {2013},
  note         = {Version 3.0.1},
  url          = {http://www.R-project.org/},
}

@Manual{investr_greenwell_2013,
  title = {investr: Inverse Estimation with Linear and Nonlinear Regression Models in R.},
  author = {Brandon M. Greenwell},
  year = {2013},
  note = {R package version 1.0},
  url = {https://github.com/w108bmg/investr},
}
